<?xml version="1.0" encoding="UTF-8"?><collection xmlns="http://www.loc.gov/MARC21/slim"><record><leader>00431nam--2200169-i-4500</leader><controlfield tag="001">000042644</controlfield><controlfield tag="002">20161230</controlfield><controlfield tag="005">20170123171759</controlfield><controlfield tag="008">060222s1000------------r-----000-0-eng-d</controlfield><datafield ind1=" " ind2=" " tag="080"><subfield code="a">666.1</subfield></datafield><datafield ind1=" " ind2=" " tag="100"><subfield code="a">Stanek, Jaroslav</subfield></datafield><datafield ind1=" " ind2=" " tag="245"><subfield code="a">Electric melting of glass</subfield></datafield><datafield ind1=" " ind2=" " tag="260"><subfield code="a">Amsterdam</subfield><subfield code="b">Elsevier Scientific Publ.Comp</subfield><subfield code="c">1977</subfield></datafield><datafield ind1=" " ind2=" " tag="300"><subfield code="a">391 p</subfield></datafield><datafield ind1=" " ind2=" " tag="490"><subfield code="a">Glass Sc.And Technology</subfield></datafield><datafield ind1=" " ind2=" " tag="852"><subfield code="a">49071</subfield></datafield><datafield ind1=" " ind2=" " tag="CAT"><subfield code="a">SYS</subfield><subfield code="c">20170123</subfield><subfield code="h">171759</subfield></datafield></record></collection>